% Encoding: UTF-8

@Article{blubb,
  author    = {Paletta, Damian},
  title     = {Report: ISIS Backers Used at Least 46,000 Twitter Accounts in 2014},
  journal   = {The Wall Street Journal},
  year      = {2015},
  language  = {English},
  month     = {01},
  note      = {Zugriff 06.03.2015},
  url       = {http://blogs.wsj.com/digits/2015/03/06/report-isis-backers-used-at-least-46000-twitter-accounts-in-2014/?mod=ST1},
  address   = {The Wall Street Journal},
  owner     = {jan},
  timestamp = {2015.03.06},
}

@Book{asd,
  author    = {Kesten, Ralf and MÃ¼ller, Arno and SchrÃ¶der, Hinrich},
  title     = {IT-Controlling},
  year      = {2013},
  number    = {ISBN-978-3-8006-4534-3},
  note      = {2. Auflage},
  publisher = {Vahlen},
  address   = {Elmshorn},
}

@Comment{jabref-meta: databaseType:biblatex;}
